@misc{ falbo,
  author = "Ricardo de Almeida Falbo",
  title = "Engenharia de Requisitos: Notas de Aula",
  year = "2012"
}

@book{ pressman,
  author = "Roger Pressman",
  title = "Engenharia de Software: Uma Abordagem Proficional",
  edition = "7",
  publisher = "Mc Graw Hill",
  year = "2012",
}

@book{ mike,
  author = "Mike Cohn",
  title = "Desenvolvimento de Software Com Scrum - Aplicando Métodos Ágeis Com Sucesso",
  edition = "1",
  publisher = "Bookman",
  year = "2011"
}
       
@book{ sommerville,
  author = "Ian Sommerville",
  title = "Engenharia de Software",
  edition = "8",
  chapter = "7",
  year = "2007"
}

@book{ vieira,
  author = "Marconi Fábio Vieira",
  title = "Gerenciamento de Projetos de Tecnologia da Informação",
  publisher = "Campus",
  edition = "1",
  year = "2003"
}

@book{ tanenbaum,
  author = "Andrew S. Tanenbaum",
  title = "Sistemas Operacionais Modernos",
  publisher = "Pearson",
  edition = "3",
  chapter = "1",
  year = "2010"
}

@book{ davis,
  author = "Alan Davis",
  title = "Software Requirements",
  publisher = "PTR Prentice Hall",
  edition = "3",
  year = "1993"
}

@misc{ tavares,
  author = "A. Tavares",
  title = "Gerência de Projetos com PMBOK e SCRUM: Um Estudo de Caso",
  institution = "Faculdade Cenecista Nossa Senhora dos Anjos",
  year = "2003"
} 
       
@misc{ nuseibeh,
  author = "B. Nuseibeh AND S. Easterbrook",
  title = "Requiments Engineering: A Roadmap",
  year = "2000"
}

@misc{ easterbrook,
  author = "Steve Easterbrook",
  title = "What is Requirements Engineering?",
  year = "2004",
  URL = "http://www.cs.toronto.edu/~sme/papers/2004/FoRE-chapter01-v7.pdf"
}

@article{ tcc_rafael_richa,
  author = "Rafael Richa Teixeira Ananias",
  title = "Estudo comparativo entre ferramentas de Gerência de Requisitos",
  year = "2009",
  URL = "http://www.cin.ufpe.br/~tg/2009-2/rrta.pdf"
}

@article{ kruchten,
  author = "Philippe Kruchten AND Per Kroll",
  title = "The Rational Unified Process made easy: a practitioner's guide to the RUP",
  year = "2003",
}

@article{ modelosmaturidade,
  author = {Alexandre Magno and
  Cintia Rejane and
  Felipe Simões and
  Ícaro Pereira and
  Lennon Simões},
  title = "Modelos de Maturidade (CMMI, MPS-BR, PMMM)",
  year = "2011",
  URL = "http://www.csi.uneb.br/engenharia_de_software/anexos/Artigo-ModelosdeMaturidade.pdf"
}
	
@article{ tese_doutorado,
  author = "Elias Canhadas Genvigir",
  title = "Um modelo para rastreabilidade de requisitos de software baseado em generalização de elos e atributos",
  year = "2009",
  URL = "http://mtc-m16c.sid.inpe.br/col/sid.inpe.br/mtc-m18@80/2009/03.02.14.17/doc/publicacao.pdf"
}

@book{ leffingwell,
     author = "Dean Leffingwell",
     title = "Agile Software Requirements",
     chapter = "1",
     year = "2011"
}

@online{rup,
  title = {Fases do RUP},
  year = "2016",
  url = {https://upload.wikimedia.org/wikipedia/pt/0/07/Fases_do_RUP_-_portugues.jpg},
  urldate = {2016-04}
}

@online{safe,
  title = {SAFe},
  year = "2016",
  url = {http://www.scaledagileframework.com},
  urldate = {2016-04}
}

@online{cmmi,
  title = {CMMI},
  year = "2016",
  url = {http://www.isdbrasil.com.br/o-que-e-cmmi.php},
  urldate = {2016-04}
}

@online{mps-br,
  title = {MPS-Br},
  year = "2016",
  url = {http://www.fumsoft.org.br/qualidade_software/modelo_mpsbr},
  urldate = {2016-04}
}
		
@online{ deanleffingwell,
  title = "About Scaled Agile Framework",
  author = "Dean Leffingwell",
  year = "2016",
  URL = "http://www.scaledagileframework.com/about/"
}

@online{ fgv,
  title = "FGV: Movimento Empresa Júnior",
  year = "2016",
  URL = "http://ejfgv.com/mej/",
  urldate = "2016-04"
}

@online{ eletronjun,
  title = "Eletronjun: História",
  year = "2016",
  URL = "http://www.eletronjun.com.br/historia.html",
  urldate = "2016-04"
}

@online{ rup2,
  title = "Wthreex: RUP for Small Projects",
  year = "2006",
  URL = "http://www.wthreex.com/rup/smallprojects/index.htm",
  urldate = "2016-04"
}
